@misc( Cowles1932,
	author = "Alfred Cowles",
	title = "Can stock market forecasters forecast?",
	year = "1932",
	journal = "Econometrica"
     )
@misc( Bachelier1900,
	author = "Louis Bachelier",
	title = "Théorie de la Spélation",
	year = "1900",
	journal = "Annales  scientifiques  de  l’É.N.S."
	)
